% Encoding: UTF-8

@MISC{NMEA0183Standard,
	HOWPUBLISHED = "\url{https://www.nmea.org/content/STANDARDS/NMEA_0183_Standard}",
	TITLE = "Stanard protokołu NMEA 0183",
	AUTHOR = "National Marine Electronics Association",
	YEAR = "2000",
	url = {https://www.nmea.org/content/STANDARDS/NMEA_0183_Standard}
}

@MISC{NMEA2000Standard,
	HOWPUBLISHED = "\url{https://www.nmea.org/content/STANDARDS/NMEA_2000}",
	TITLE = "Stanard protokołu NMEA 2000",
	AUTHOR = "National Marine Electronics Association",
	YEAR = "2000",
	url = {https://www.nmea.org/content/STANDARDS/NMEA_2000}
}

@MISC{NMEA0183,
	HOWPUBLISHED = "\url{https://www.tronico.fi/OH6NT/docs/NMEA0183.pdf}",
	TITLE = "The NMEA 0183 Protocol",
	AUTHOR = "Klaus Betke",
	MONTH = "May",
	YEAR = "2000",
	url = {https://www.tronico.fi/OH6NT/docs/NMEA0183.pdf}
}

@MISC{gpsinformation,
	HOWPUBLISHED = "\url{https://www.gpsinformation.org/dale/nmea.htm}",
	TITLE = "Strona internetowa",
	YEAR = "2020",
	url = {https://www.gpsinformation.org/dale/nmea.htm}
}

@MISC{OpenCPN,
	HOWPUBLISHED = "\url{https://opencpn.org/wiki/dokuwiki/doku.php?id=opencpn:opencpn_user_manual:advanced_features:nmea_sentences}",
	TITLE = "Strona internetowa firmy OpenCPN",
	AUTHOR = "OpenCPN",
	YEAR = "2020",
	url = {https://www.gpsinformation.org/dale/nmea.htm}
}

@MISC{Raymond2019,
	HOWPUBLISHED = "\url{https://gpsd.gitlab.io/gpsd/NMEA.html}",
	TITLE = "Strona internetowa",
	AUTHOR = "Eric S. Raymond",
	MONTH = "Mar",
	YEAR = "2019",
	url = {https://gpsd.gitlab.io/gpsd/NMEA.html}
}

@MISC{DIGITALYACHT,
	HOWPUBLISHED = "\url{https://digitalyacht.co.uk/product/wln10sm/}",
	TITLE = "Opis produktu WLN10 Smart firmy DIGITAL YACHT",
	AUTHOR = "DIGITAL YACHT",
	YEAR = "2020",
	url = {https://digitalyacht.co.uk/product/wln10sm/}
}

@MISC{NMEATools,
	HOWPUBLISHED = "\url{https://play.google.com/store/apps/details?id=com.peterhohsy.nmeatools}",
	TITLE = "Aplikacja NMEA Tools",
	AUTHOR = "Peter Ho",
	MONTH = "Mar",
	YEAR = "2020",
	url = {https://play.google.com/store/apps/details?id=com.peterhohsy.nmeatools}
}

@MISC{NavMonitor,
	HOWPUBLISHED = "\url{https://play.google.com/store/apps/details?id=com.aboni.boatinga}",
	TITLE = "Aplikacja NavMonitor",
	AUTHOR = "Andrea Boni",
	MONTH = "Sep",
	YEAR = "2019",
	url = {https://play.google.com/store/apps/details?id=com.aboni.boatinga/}
}

@MISC{SeaWiMarine,
	HOWPUBLISHED = "\url{https://play.google.com/store/apps/details?id=net.seawimarine.activities}",
	TITLE = "Aplikacja SeaWi Marine",
	AUTHOR = "SeaWi Marine",
	MONTH = "Apr",
	YEAR = "2019",
	url = {https://play.google.com/store/apps/details?id=net.seawimarine.activities}
}

@MISC{iRegatta,
	HOWPUBLISHED = "\url{https://play.google.com/store/apps/details?id=dk.letscreate.aRegatta}",
	TITLE = "Aplikacja iRegatta",
	AUTHOR = "Madman Marine Pty Ltd",
	MONTH = "Mar",
	YEAR = "2018",
	url = {https://play.google.com/store/apps/details?id=dk.letscreate.aRegatta}
}

@MISC{Seapilot,
	HOWPUBLISHED = "\url{https://play.google.com/store/apps/details?id=com.seapilot.android}",
	TITLE = "Aplikacja Seapilot",
	AUTHOR = "Seapilot",
	MONTH = "Jun",
	YEAR = "2019",
	url = {https://play.google.com/store/apps/details?id=com.seapilot.android}
}

@MISC{NMEAremote,
	HOWPUBLISHED = "\url{https://apps.apple.com/us/app/nmearemote/id412806204}",
	TITLE = "Aplikacja NMEAremote",
	AUTHOR = "zapfware",
	MONTH = "Sep",
	YEAR = "2016",
	url = {https://apps.apple.com/us/app/nmearemote/id412806204}
}

@MISC{ReactNative,
	HOWPUBLISHED = "\url{https://reactnative.dev/}",
	TITLE = "Dokumentacja ReactNative",
	AUTHOR = "Facebook",
	YEAR = "2020",
	url = {https://reactnative.dev/}
}

@MISC{Expo,
	HOWPUBLISHED = "\url{https://docs.expo.io/versions/v37.0.0/}",
	TITLE = "Dokumentacja Expo",
	AUTHOR = "Expo",
	YEAR = "2020",
	url = {https://docs.expo.io/versions/v37.0.0/}
}

@MISC{FrameworksPopularity,
	HOWPUBLISHED = "\url{https://gist.github.com/tkrotoff/b1caa4c3a185629299ec234d2314e190}",
	TITLE = "Front-end frameworks popularity (React, Vue and Angular)",
	AUTHOR = "Tanguy Krotoff",
	MONTH = "Dec",
	YEAR = "2019",
	url = {https://gist.github.com/tkrotoff/b1caa4c3a185629299ec234d2314e190}
}

@MISC{Babel,
	HOWPUBLISHED = "\url{https://babeljs.io/}",
	TITLE = "Dokumentacja Babel",
	AUTHOR = "Babel",
	YEAR = "2020",
	url = {https://babeljs.io/}
}

@MISC{React,
	HOWPUBLISHED = "\url{https://reactjs.org/}",
	TITLE = "Dokumentacja ReactJs",
	AUTHOR = "Facebook",
	YEAR = "2020",
	url = {https://reactjs.org/}
}

@MISC{Redux,
	HOWPUBLISHED = "\url{https://redux.js.org/}",
	TITLE = "Dokumentacja Redux",
	AUTHOR = "Dan Abramov",
	YEAR = "2020",
	url = {https://redux.js.org/}
}

@MISC{ReduxABC,
	HOWPUBLISHED = "\url{https://dev.to/radiumsharma06/abc-of-redux-5461}",
	TITLE = "ABC of Redux",
	AUTHOR = "Radium Sharma",
	MONTH = "Mar",
	YEAR = "2018",
	url = {https://dev.to/radiumsharma06/abc-of-redux-5461}
}

@MISC{ReactNativeRenderers,
	HOWPUBLISHED = "\url{https://medium.com/@agent_hunt/introduction-to-react-native-renderers-aka-react-native-is-the-java-and-react-native-renderers-are-828a0022f433}",
	TITLE = "Introduction to React Native Renderers aka React Native is the Java and React Native Renderers are the JVMs of declarative UI",
	AUTHOR = "Shailesh",
	MONTH = "Jun",
	YEAR = "2018",
	url = {https://medium.com/@agent_hunt/introduction-to-react-native-renderers-aka-react-native-is-the-java-and-react-native-renderers-are-828a0022f433}
}


@Comment{jabref-meta: databaseType:biblatex;}
